<?xml version="1.0" encoding="UTF-8"?>
  <record xmlns="http://www.loc.gov/MARC21/slim" type="Authority">
    <leader>00000nz  a2200000nc 4500</leader>
    <controlfield tag="001">118574868</controlfield>
    <controlfield tag="003">DE-101</controlfield>
    <controlfield tag="005">20220721175551.0</controlfield>
    <controlfield tag="008">880701n||azznnaabn           | aaa    |c</controlfield>
    <datafield tag="024" ind1="7" ind2=" ">
      <subfield code="a">118574868</subfield>
      <subfield code="0">http://d-nb.info/gnd/118574868</subfield>
      <subfield code="2">gnd</subfield>
    </datafield>
    <datafield tag="035" ind1=" " ind2=" ">
      <subfield code="a">(DE-101)118574868</subfield>
    </datafield>
    <datafield tag="035" ind1=" " ind2=" ">
      <subfield code="a">(DE-588)118574868</subfield>
    </datafield>
    <datafield tag="035" ind1=" " ind2=" ">
      <subfield code="z">(DE-588)1159352143</subfield>
    </datafield>
    <datafield tag="035" ind1=" " ind2=" ">
      <subfield code="z">(DE-588)108918171X</subfield>
    </datafield>
    <datafield tag="035" ind1=" " ind2=" ">
      <subfield code="z">(DE-588)180815164</subfield>
    </datafield>
    <datafield tag="035" ind1=" " ind2=" ">
      <subfield code="z">(DE-588a)180815164</subfield>
      <subfield code="9">v:zg</subfield>
    </datafield>
    <datafield tag="035" ind1=" " ind2=" ">
      <subfield code="z">(DE-588)172241340</subfield>
    </datafield>
    <datafield tag="035" ind1=" " ind2=" ">
      <subfield code="z">(DE-588a)172241340</subfield>
      <subfield code="9">v:zg</subfield>
    </datafield>
    <datafield tag="035" ind1=" " ind2=" ">
      <subfield code="z">(DE-588a)118574868</subfield>
      <subfield code="9">v:zg</subfield>
    </datafield>
    <datafield tag="035" ind1=" " ind2=" ">
      <subfield code="z">(DE-588c)4036444-6</subfield>
      <subfield code="9">v:zg</subfield>
    </datafield>
    <datafield tag="040" ind1=" " ind2=" ">
      <subfield code="a">DE-101</subfield>
      <subfield code="c">DE-101</subfield>
      <subfield code="9">r:DE-101</subfield>
      <subfield code="b">ger</subfield>
      <subfield code="d">9999</subfield>
      <subfield code="e">rda</subfield>
    </datafield>
    <datafield tag="042" ind1=" " ind2=" ">
      <subfield code="a">gnd1</subfield>
    </datafield>
    <datafield tag="043" ind1=" " ind2=" ">
      <subfield code="c">XA-DE</subfield>
    </datafield>
    <datafield tag="065" ind1=" " ind2=" ">
      <subfield code="a">2.2p</subfield>
      <subfield code="2">sswd</subfield>
    </datafield>
    <datafield tag="065" ind1=" " ind2=" ">
      <subfield code="a">16.5p</subfield>
      <subfield code="2">sswd</subfield>
    </datafield>
    <datafield tag="075" ind1=" " ind2=" ">
      <subfield code="b">p</subfield>
      <subfield code="2">gndgen</subfield>
    </datafield>
    <datafield tag="075" ind1=" " ind2=" ">
      <subfield code="b">piz</subfield>
      <subfield code="2">gndspec</subfield>
    </datafield>
    <datafield tag="079" ind1=" " ind2=" ">
      <subfield code="a">g</subfield>
      <subfield code="q">a</subfield>
      <subfield code="q">f</subfield>
      <subfield code="q">s</subfield>
      <subfield code="u">v</subfield>
      <subfield code="u">w</subfield>
      <subfield code="u">o</subfield>
    </datafield>
    <datafield tag="100" ind1="0" ind2=" ">
      <subfield code="a">Ludwig</subfield>
      <subfield code="c">Anhalt-Köthen, Fürst</subfield>
      <subfield code="d">1579-1650</subfield>
    </datafield>
    <datafield tag="400" ind1="0" ind2=" ">
      <subfield code="a">Ludwig</subfield>
      <subfield code="b">I.</subfield>
      <subfield code="c">Anhalt-Köthen, Fürst</subfield>
      <subfield code="d">1579-1650</subfield>
    </datafield>
    <datafield tag="400" ind1="0" ind2=" ">
      <subfield code="a">Ludwig</subfield>
      <subfield code="b">I.</subfield>
      <subfield code="c">Anhalt, Fürst</subfield>
      <subfield code="d">1579-1650</subfield>
    </datafield>
    <datafield tag="400" ind1="0" ind2=" ">
      <subfield code="a">Ludwig</subfield>
      <subfield code="c">Anhalt, Fürst</subfield>
      <subfield code="d">1579-1650</subfield>
    </datafield>
    <datafield tag="400" ind1="1" ind2=" ">
      <subfield code="a">Anhalt-Köthen, Ludwig &#152;von&#156;</subfield>
      <subfield code="d">1579-1650</subfield>
    </datafield>
    <datafield tag="400" ind1="0" ind2=" ">
      <subfield code="a">Ludewig</subfield>
      <subfield code="c">Anhalt, Prinz</subfield>
      <subfield code="d">1579-1650</subfield>
    </datafield>
    <datafield tag="400" ind1="0" ind2=" ">
      <subfield code="a">Ludovicus</subfield>
      <subfield code="c">Anhalt, Princeps</subfield>
      <subfield code="d">1579-1650</subfield>
    </datafield>
    <datafield tag="400" ind1="1" ind2=" ">
      <subfield code="a">Köthen, Ludwig von Anhalt-</subfield>
      <subfield code="d">1579-1650</subfield>
    </datafield>
    <datafield tag="400" ind1="0" ind2=" ">
      <subfield code="a">Der Nehrende</subfield>
      <subfield code="d">1579-1650</subfield>
    </datafield>
    <datafield tag="400" ind1="1" ind2=" ">
      <subfield code="a">Nehrende, Der</subfield>
      <subfield code="d">1579-1650</subfield>
    </datafield>
    <datafield tag="400" ind1="0" ind2=" ">
      <subfield code="a">Der Nährende</subfield>
      <subfield code="d">1579-1650</subfield>
    </datafield>
    <datafield tag="400" ind1="1" ind2=" ">
      <subfield code="a">Nährende, Der</subfield>
      <subfield code="d">1579-1650</subfield>
    </datafield>
    <datafield tag="400" ind1="0" ind2=" ">
      <subfield code="a">Ludwig</subfield>
      <subfield code="c">Fürst von Anhalt-Köthen</subfield>
      <subfield code="d">1579-1650</subfield>
    </datafield>
    <datafield tag="400" ind1="0" ind2=" ">
      <subfield code="a">Ludwig</subfield>
      <subfield code="c">Anhalt-Köthen ; Fürst</subfield>
      <subfield code="d">1579-1650</subfield>
    </datafield>
    <datafield tag="400" ind1="0" ind2=" ">
      <subfield code="a">Ludwig</subfield>
      <subfield code="c">Prince of Anhalt-Köthen</subfield>
      <subfield code="d">1579-1650</subfield>
    </datafield>
    <datafield tag="500" ind1="0" ind2=" ">
      <subfield code="0">(DE-101)104173297</subfield>
      <subfield code="0">(DE-588)104173297</subfield>
      <subfield code="0">https://d-nb.info/gnd/104173297</subfield>
      <subfield code="a">Joachim Ernst</subfield>
      <subfield code="c">Anhalt, Fürst</subfield>
      <subfield code="d">1536-1586</subfield>
      <subfield code="4">bezf</subfield>
      <subfield code="4">https://d-nb.info/standards/elementset/gnd#familialRelationship</subfield>
      <subfield code="w">r</subfield>
      <subfield code="i">Beziehung familiaer</subfield>
      <subfield code="e">Beziehung familiaer</subfield>
      <subfield code="9">v:Vater</subfield>
    </datafield>
    <datafield tag="500" ind1="0" ind2=" ">
      <subfield code="0">(DE-101)104194529</subfield>
      <subfield code="0">(DE-588)104194529</subfield>
      <subfield code="0">https://d-nb.info/gnd/104194529</subfield>
      <subfield code="a">Eleonore</subfield>
      <subfield code="c">Hessen-Darmstadt, Landgräfin</subfield>
      <subfield code="d">1552-1618</subfield>
      <subfield code="4">bezf</subfield>
      <subfield code="4">https://d-nb.info/standards/elementset/gnd#familialRelationship</subfield>
      <subfield code="w">r</subfield>
      <subfield code="i">Beziehung familiaer</subfield>
      <subfield code="e">Beziehung familiaer</subfield>
      <subfield code="9">v:Mutter</subfield>
    </datafield>
    <datafield tag="500" ind1="0" ind2=" ">
      <subfield code="0">(DE-101)115789618</subfield>
      <subfield code="0">(DE-588)115789618</subfield>
      <subfield code="0">https://d-nb.info/gnd/115789618</subfield>
      <subfield code="a">Dorothea Maria</subfield>
      <subfield code="c">Sachsen-Weimar, Herzogin</subfield>
      <subfield code="d">1574-1617</subfield>
      <subfield code="4">bezf</subfield>
      <subfield code="4">https://d-nb.info/standards/elementset/gnd#familialRelationship</subfield>
      <subfield code="w">r</subfield>
      <subfield code="i">Beziehung familiaer</subfield>
      <subfield code="e">Beziehung familiaer</subfield>
      <subfield code="9">v:Schwester</subfield>
    </datafield>
    <datafield tag="500" ind1="0" ind2=" ">
      <subfield code="0">(DE-101)102239452</subfield>
      <subfield code="0">(DE-588)102239452</subfield>
      <subfield code="0">https://d-nb.info/gnd/102239452</subfield>
      <subfield code="a">Johann Ernst</subfield>
      <subfield code="b">I.</subfield>
      <subfield code="c">Sachsen-Weimar, Herzog</subfield>
      <subfield code="d">1594-1626</subfield>
      <subfield code="4">bezf</subfield>
      <subfield code="4">https://d-nb.info/standards/elementset/gnd#familialRelationship</subfield>
      <subfield code="w">r</subfield>
      <subfield code="i">Beziehung familiaer</subfield>
      <subfield code="e">Beziehung familiaer</subfield>
      <subfield code="9">v:Neffe</subfield>
    </datafield>
    <datafield tag="500" ind1="0" ind2=" ">
      <subfield code="0">(DE-101)136819117</subfield>
      <subfield code="0">(DE-588)136819117</subfield>
      <subfield code="0">https://d-nb.info/gnd/136819117</subfield>
      <subfield code="a">Amoena Amalie</subfield>
      <subfield code="c">Anhalt-Köthen, Fürstin</subfield>
      <subfield code="d">1586-1625</subfield>
      <subfield code="4">bezf</subfield>
      <subfield code="4">https://d-nb.info/standards/elementset/gnd#familialRelationship</subfield>
      <subfield code="w">r</subfield>
      <subfield code="i">Beziehung familiaer</subfield>
      <subfield code="e">Beziehung familiaer</subfield>
      <subfield code="9">v:erste Ehefrau</subfield>
    </datafield>
    <datafield tag="500" ind1="0" ind2=" ">
      <subfield code="0">(DE-101)104351217</subfield>
      <subfield code="0">(DE-588)104351217</subfield>
      <subfield code="0">https://d-nb.info/gnd/104351217</subfield>
      <subfield code="a">Sophia</subfield>
      <subfield code="c">Anhalt-Köthen, Fürstin</subfield>
      <subfield code="d">1599-1654</subfield>
      <subfield code="4">bezf</subfield>
      <subfield code="4">https://d-nb.info/standards/elementset/gnd#familialRelationship</subfield>
      <subfield code="w">r</subfield>
      <subfield code="i">Beziehung familiaer</subfield>
      <subfield code="e">Beziehung familiaer</subfield>
      <subfield code="9">v:zweite Ehefrau</subfield>
    </datafield>
    <datafield tag="500" ind1="0" ind2=" ">
      <subfield code="0">(DE-101)124281729</subfield>
      <subfield code="0">(DE-588)124281729</subfield>
      <subfield code="0">https://d-nb.info/gnd/124281729</subfield>
      <subfield code="a">Ludwig</subfield>
      <subfield code="c">Anhalt-Köthen, Fürst</subfield>
      <subfield code="d">1607-1624</subfield>
      <subfield code="4">bezf</subfield>
      <subfield code="4">https://d-nb.info/standards/elementset/gnd#familialRelationship</subfield>
      <subfield code="w">r</subfield>
      <subfield code="i">Beziehung familiaer</subfield>
      <subfield code="e">Beziehung familiaer</subfield>
      <subfield code="9">v:Sohn</subfield>
    </datafield>
    <datafield tag="500" ind1="0" ind2=" ">
      <subfield code="0">(DE-101)104173572</subfield>
      <subfield code="0">(DE-588)104173572</subfield>
      <subfield code="0">https://d-nb.info/gnd/104173572</subfield>
      <subfield code="a">Wilhelm Ludwig</subfield>
      <subfield code="c">Anhalt-Köthen, Fürst</subfield>
      <subfield code="d">1638-1665</subfield>
      <subfield code="4">bezf</subfield>
      <subfield code="4">https://d-nb.info/standards/elementset/gnd#familialRelationship</subfield>
      <subfield code="w">r</subfield>
      <subfield code="i">Beziehung familiaer</subfield>
      <subfield code="e">Beziehung familiaer</subfield>
      <subfield code="9">v:Sohn</subfield>
    </datafield>
    <datafield tag="510" ind1="2" ind2=" ">
      <subfield code="0">(DE-101)004706463</subfield>
      <subfield code="0">(DE-588)2011193-9</subfield>
      <subfield code="0">https://d-nb.info/gnd/2011193-9</subfield>
      <subfield code="a">Fruchtbringende Gesellschaft</subfield>
      <subfield code="4">affi</subfield>
      <subfield code="4">https://d-nb.info/standards/elementset/gnd#affiliation</subfield>
      <subfield code="w">r</subfield>
      <subfield code="i">Affiliation</subfield>
      <subfield code="e">Affiliation</subfield>
    </datafield>
    <datafield tag="548" ind1=" " ind2=" ">
      <subfield code="a">1579-1650</subfield>
      <subfield code="4">datl</subfield>
      <subfield code="4">https://d-nb.info/standards/elementset/gnd#dateOfBirthAndDeath</subfield>
      <subfield code="w">r</subfield>
      <subfield code="i">Lebensdaten</subfield>
    </datafield>
    <datafield tag="548" ind1=" " ind2=" ">
      <subfield code="a">17.06.1579-07.01.1650</subfield>
      <subfield code="4">datx</subfield>
      <subfield code="4">https://d-nb.info/standards/elementset/gnd#dateOfBirthAndDeath</subfield>
      <subfield code="w">r</subfield>
      <subfield code="i">Exakte Lebensdaten</subfield>
    </datafield>
    <datafield tag="550" ind1=" " ind2=" ">
      <subfield code="0">(DE-101)041556038</subfield>
      <subfield code="0">(DE-588)4155603-3</subfield>
      <subfield code="0">https://d-nb.info/gnd/4155603-3</subfield>
      <subfield code="a">Fürst</subfield>
      <subfield code="4">adel</subfield>
      <subfield code="4">https://d-nb.info/standards/elementset/gnd#titleOfNobility</subfield>
      <subfield code="w">r</subfield>
      <subfield code="i">Adelstitel</subfield>
    </datafield>
    <datafield tag="550" ind1=" " ind2=" ">
      <subfield code="0">(DE-101)040004643</subfield>
      <subfield code="0">(DE-588)4000464-8</subfield>
      <subfield code="0">https://d-nb.info/gnd/4000464-8</subfield>
      <subfield code="a">Adel</subfield>
      <subfield code="4">obin</subfield>
      <subfield code="4">https://d-nb.info/standards/elementset/gnd#broaderTermInstantial</subfield>
      <subfield code="w">r</subfield>
      <subfield code="i">Oberbegriff instantiell</subfield>
    </datafield>
    <datafield tag="551" ind1=" " ind2=" ">
      <subfield code="0">(DE-101)040115364</subfield>
      <subfield code="0">(DE-588)4011536-7</subfield>
      <subfield code="0">https://d-nb.info/gnd/4011536-7</subfield>
      <subfield code="a">Dessau</subfield>
      <subfield code="4">ortg</subfield>
      <subfield code="4">https://d-nb.info/standards/elementset/gnd#placeOfBirth</subfield>
      <subfield code="w">r</subfield>
      <subfield code="i">Geburtsort</subfield>
    </datafield>
    <datafield tag="551" ind1=" " ind2=" ">
      <subfield code="0">(DE-101)040316165</subfield>
      <subfield code="0">(DE-588)4031616-6</subfield>
      <subfield code="0">https://d-nb.info/gnd/4031616-6</subfield>
      <subfield code="a">Köthen (Anhalt)</subfield>
      <subfield code="4">orts</subfield>
      <subfield code="4">https://d-nb.info/standards/elementset/gnd#placeOfDeath</subfield>
      <subfield code="w">r</subfield>
      <subfield code="i">Sterbeort</subfield>
    </datafield>
    <datafield tag="667" ind1=" " ind2=" ">
      <subfield code="a">12</subfield>
    </datafield>
    <datafield tag="667" ind1=" " ind2=" ">
      <subfield code="a">7</subfield>
    </datafield>
    <datafield tag="667" ind1=" " ind2=" ">
      <subfield code="a">VD-17</subfield>
    </datafield>
    <datafield tag="670" ind1=" " ind2=" ">
      <subfield code="a">LCAuth</subfield>
    </datafield>
    <datafield tag="670" ind1=" " ind2=" ">
      <subfield code="a">NDB/ADB</subfield>
      <subfield code="u">https://www.deutsche-biographie.de/gnd118574868.html#ndbcontent</subfield>
    </datafield>
    <datafield tag="670" ind1=" " ind2=" ">
      <subfield code="a">Wikipedia</subfield>
      <subfield code="u">https://de.wikipedia.org/wiki/Ludwig_I._(Anhalt-K%C3%B6then)</subfield>
    </datafield>
    <datafield tag="672" ind1=" " ind2="0">
      <subfield code="a">DuBec, Jean: [Bericht über Leben und Tod des großen Tamerlans]</subfield>
      <subfield code="f">1639</subfield>
    </datafield>
    <datafield tag="672" ind1=" " ind2="0">
      <subfield code="a">Der Fruchtbringenden Gesellschaft zu Weimar Nahmen, Vorhaben, Gemählde. - 1645 - 1646</subfield>
    </datafield>
    <datafield tag="672" ind1=" " ind2="0">
      <subfield code="a">Der Fruchtbringenden Geselschaft Nahmen, Vorhaben, Gemählde und Wörter</subfield>
      <subfield code="f">1971</subfield>
    </datafield>
    <datafield tag="672" ind1=" " ind2="0">
      <subfield code="a">Der Fruchtbringenden Gesellschaft Vorhaben, Nahmen, Gemählde und Wörter</subfield>
      <subfield code="f">[1630]</subfield>
    </datafield>
    <datafield tag="678" ind1=" " ind2=" ">
      <subfield code="b">ab 1606 regierender Fürst von Anhalt-Köthen; Gründer der Fruchtbringenden Gesellschaft (Der Nehrende)</subfield>
    </datafield>
    <datafield tag="913" ind1=" " ind2=" ">
      <subfield code="S">pnd</subfield>
      <subfield code="i">5</subfield>
      <subfield code="a">Ludwig &lt;Anhalt-Köthen, Fürst, 1579-1650&gt;</subfield>
      <subfield code="0">(DE-588a)118574868</subfield>
    </datafield>
    <datafield tag="913" ind1=" " ind2=" ">
      <subfield code="S">pnd</subfield>
      <subfield code="i">5</subfield>
      <subfield code="a">Ludwig &lt;Anhalt-Köthen, Fürst&gt;</subfield>
      <subfield code="0">(DE-588a)172241340</subfield>
    </datafield>
    <datafield tag="913" ind1=" " ind2=" ">
      <subfield code="S">pnd</subfield>
      <subfield code="i">5</subfield>
      <subfield code="a">Ludwig &lt;Anhalt-Köthen, Fürst, I.&gt;</subfield>
      <subfield code="0">(DE-588a)180815164</subfield>
    </datafield>
  </record>
